% Mega Constellation
[1]
@techreport{euroConsult21,
    author      = {Eurconsult},
    title       = {Prospects for the Small Satellite Market: An extract},
    number      = {7th edition},
    publisher   = {Eurconsult},
    howpublished  = {465 Rue McGill, Suite 1103 Montreal (QC) H2Y 2H1, Canada},
    year        = {2021},
    Month       = {April},
}

[2]
Use misc class, entering "[Online]" in year field.
@misc{starlinkOneWebCollide,
  author        = {Stacy Liberatore},
  title         = {SpaceX, OneWeb Satellites Come Within 190 Feet Of Each Other In Orbit},
  howpublished  = {Daily Mail},
  month         = {Apr. 9,},
  year          = {2021. [Online]},
  url           = {https://www.dailymail.co.uk/sciencetech/article-9455377/SpaceXs-Starlink-OneWeb-satellite-come-109-feet-crashing-orbit.htm}
}
% Defense
[3]
@misc{dndRfi19a,
  author        = {CANADA},
  title         = {DND Surveillance of Space 2 Ground Based Observation (GBO) Request for Information (RFI)},
  address       = {Gatineau, QC: Canada},
  howpublished  = {W8474-207923/A},
  year          = {2019. [Online].},
  url           = {https://buyandsell.gc.ca/cds/public/2019/09/03/36208cb73457543e0f3bbb908d6a0a8f/ABES.PROD.PW__ST.B047.E36767.EBSU000.PDF}
}

% Kessler
@article{KesslerSyndrome78,
author = {Kessler, Donald J and Cour-Palais, Burton G},
title = {Collision Frequency of Artificial Satellites: The Creation of a Debris Belt},
year = {1978},
month = {Jun},
pages = {2637-2646},
volume = {83},
number = {A6},
journal = {Journal of Geophysical Research},
doi = {10.1029/JA083iA06p02637}
}

@article{HovellThether17,
author = {Hovell, Kirk and Ulrich, Steve},
year = {2017},
month = {09},
pages = {1-7},
title = {Postcapture Dynamics and Experimental Validation of Subtethered Space Debris},
volume = {41},
journal = {Journal of Guidance, Control, and Dynamics},
doi = {10.2514/1.G003049}
}


[4]
@misc{dndRfi19b,
  author        = {CANADA},
  title         = {DND Surveillance of Space 2 Space Based Observation (SBO) Request for Information (RFI)},
  address       = {Gatineau, QC: Canada},
  howpublished  = {W8474-187639/B},
  year          = {2019. [Online].},
  url           = {https://buyandsell.gc.ca/cds/public/2020/02/03/90bc7cd5179916ec3b6edfebbbab6e8c/ABES.PROD.PW__ST.B047.E37325.EBSU000.PDF}
}

[5]
@misc{drdcCall19,
  author        = {CANADA},
  title         = {Defence Research and Development Canada (DRDC) Innovation Call For Proposals (CFP) 2019},
  address       = {Gatineau, QC: Canada},
  howpublished  = {W7714-19DRDC/A},
  year          = {2019. [Online].},
  url           = {https://buyandsell.gc.ca/cds/public/2019/04/16/5bd47bf64886a754aa234482704d825f/en_defence_research_and_development_canada_drdc_innovation_call_for_proposals_cfp_2019-draft.pdf}
}

[6]
@misc{darkArts21,
  author        = {Tod Harrison, Kaitlyn Johnson and Makena Young},
  title         = {Defense Against the Dark Arts in Space: Protecting Space Systems from Counterspace Weapons},
  howpublished  = {Center for Strategies \& International Studies, Washington, DC, USA, 20036},
  year          = {2021. [Online]},
  month         = {Feb.25},
  url           = {https://www.csis.org/analysis/defense-against-dark-arts-space-protecting-space-systems-counterspace weapons}
}

% Docking, Cooperative, Non-Coperative
[7]
Use misc class, entering "[Online]" in year field.
@misc{wikiMev121,
  author        = {Wikipedia},
  title         = {Mission Extension Vehicle},
  howpublished  = {Wikipedia},
  month         = {Apr. 30,},
  year          = {2021. [Online]},
  url           = {https://en.wikipedia.org/wiki/Mission_Extension_Vehicle}
}

@inProceedings{tatschOss06,
       author = {{Tatsch}, A and {Fitz-Coy}, N and {Gladun}, S},
        title = "{On-orbit servicing: A brief survey}",
    booktitle = {2006 Performance Metrics for Intelligent Systems Workshope},
         year = 2006,
       editor = {},
        month = Aug,
          eid = {},
        pages = {21-23},
       adsurl = {https://ui.adsabs.harvard.edu/abs/2019amos.confE..44F},
       address = {Gaithersburg, MD, USA},
}

@article{floresabadReviewSpaceRobotics20141,
title = {A review of space robotics technologies for on-orbit servicing},
journal = {Progress in Aerospace Sciences},
volume = {68},
pages = {1-26},
year = {2014},
issn = {0376-0421},
doi = {https://doi.org/10.1016/j.paerosci.2014.03.002},
url = {https://www.sciencedirect.com/science/article/pii/S0376042114000347},
author = {Angel Flores-Abad and Ou Ma and Khanh Pham and Steve Ulrich},
}

@article{mev121,
  author={Redd, Nola Taylor},
  journal={IEEE Spectrum}, 
  title={Bringing satellites back from the dead: Mission extension vehicles give defunct spacecraft a new lease on life - [News]}, 
  year={2020},
  volume={57},
  number={8},
  pages={6-7},
  doi={10.1109/MSPEC.2020.9150540}}


@article{bonnalAdr13,
title = {Active debris removal: Recent progress and current trends},
journal = {Acta Astronautica},
volume = {85},
pages = {51-60},
year = {2013},
issn = {0094-5765},
doi = {https://doi.org/10.1016/j.actaastro.2012.11.009},
url = {https://www.sciencedirect.com/science/article/pii/S0094576512004602},
author = {Christophe Bonnal and Jean-Marc Ruault and Marie-Christine Desjean},
keywords = {Space debris, Kessler syndrome, Debris mitigation, Debris remediation, Active debris Removal},}

@article{limAdrVision13,
author = {Lim, Seong-Min and Kim, Hae-Dong and Seong, Jae-Dong},
year = {2013},
month = {12},
pages = {279-290},
title = {Vision-based Ground Test for Active Debris Removal},
volume = {30},
journal = {Journal of Astronomy and Space Sciences},
doi = {10.5140/JASS.2013.30.4.279}
}


[8]
@misc{elsaD21,
  author        = {Mitsuru Obe},
  title         = {Japan's Astroscale launches space debris-removal satellite},
  howpublished  = {Nikkei Asia},
  month         = {Mar. 22,},
  year          = {2021. [Online]},
  url           = {https://asia.nikkei.com/Business/Aerospace-Defense/Japan-s-Astroscale-launches-space-debris-removal-satellite}
}

@inProceedings{elsaAmosD19,
       author = {{Forshaw}, Jason and {Lopez}, Ron and {Okamoto}, Akira and {Blackerby}, Chris and {Okada}, Nobu},
        title = "{The ELSA-d End-of-life Debris Removal Mission: Mission Design, In-flight Safety, and Preparations for Launch}",
     keywords = {End of Life, Debris Removal, ELSA-d, Rendezvous Proximity Operations, RPO, AIT, Launch},
    booktitle = {Advanced Maui Optical and Space Surveillance Technologies Conference},
         year = 2019,
       editor = {{Ryan}, S.},
        month = sep,
          eid = {44},
        pages = {44},
       adsurl = {https://ui.adsabs.harvard.edu/abs/2019amos.confE..44F},
      adsnote = {Provided by the SAO/NASA Astrophysics Data System}
}

@inproceedings{elsaD19,
  author={Chris Blackerby and A. Okamoto and Seita Iizuka and Y. Kobayashi and K. Fujimoto and Yukiji Seto and S. Fujita and Takashi Iwai and Nobu Okada and J. Forshaw and A. Bradford},
  booktitle = {2019 International Astronautical Congress, Washington, DC, US}, 
  title={The ELSA-d End-of-life Debris Removal Mission: Preparing for Launch}, 
  year={2019},
  volume = {},
  number = {IAC-19,A6,5,2,x49982},
  pages = {},
  doi = {}
}



% Lunar
[9]
@misc{nasaArtermis20,
  author        = {NASA},
  title         = {Artermis Plan, NASA's Lunar Exploration Program Overview},
  howpublished  = {NASA Gov},
  month         = {Sep,},
  year          = {2020. [Online]},
  url           = {https://www.nasa.gov/sites/default/files/atoms/files/artemis_plan-20200921.pdf}
}

[10]
@inproceedings{winternitzGpsLunarGateway19,
  title     ={GPS Based Autonomous Navigation Study for the Lunar Gateway},
  author    ={Luke B. Winternitz and W. Bamford and A. Long and M. Hassouneh},
  year      ={2019}
}

[11]
@article{capuanoGpsLunarNav16,
author  = {Capuano, Vincenzo and Blunt, Paul and Botteron, Cyril and Tian, Jia and Leclère, Jérôme and Wang, Yanguang and Basile, Francesco and Farine, Pierre-André},
year    = {2016},
month   = {03},
pages   = {347},
title   = {Standalone GPS L1 C/A receiver for lunar missions},
volume  = {16},
journal = {Sensors},
doi     = {10.3390/s16030347}
}

[12]
@article{DelepautGpsLunarNav16,
author  = {Delépaut, Anaïs and Giordano, Pietro and Ventura-Traveset, Javier and Blonski, Daniel and Schönfeldt, Miriam and Schoonejans, Philippe and Aziz, Sarmad and Walker, Roger},
year    = {2020},
month   = {05},
pages   = {},
title   = {Use of GNSS for lunar missions and plans for Lunar In-Orbit Development},
volume  = {66},
journal = {Advances in Space Research},
doi     = {10.1016/j.asr.2020.05.018}
}

[13]
@misc{csaCarm20,
  author        = {CSA and MDA},
  title         = {Canadarm3 Information Session Presentation Materials - ENGLISH},
  howpublished  = {Canadian Space Agency Canadarm3 information session - by invitation only},
  month         = {Jan,},
  year          = {2021},
}

% Asteroids
@inproceedings{Kobayasi3DofPoseAsteroid15,
title = "Three-DoF pose estimation of asteroids by appearance-based linear regression with divided parameter space",
author = "Naoki Kobayashi and Yuji Oyamada and Yoshihiko Mochizuki and Hiroshi Ishikawa",
year = "2015",
month = jul,
day = "8",
doi = "10.1109/MVA.2015.7153252",
language = "English",
publisher = "Institute of Electrical and Electronics Engineers Inc.",
pages = "551--554",
booktitle = "Proceedings of the 14th IAPR International Conference on Machine Vision Applications, MVA 2015",
}

@inproceedings{leonarOsirusRex19,
title = "Osiris-rex orbit determination performance during the navigation campaign",
year = "2020",
language = "English (US)",
isbn = "9780877036654",
series = "Advances in the Astronautical Sciences",
publisher = "Univelt Inc.",
pages = "3031--3050",
editor = "Horneman, {Kenneth R.} and Christopher Scott and Hansen, {Brian W.} and Hussein, {Islam I.}",
booktitle = "AAS/AIAA Astrodynamics Specialist Conference, 2019",
}

@inproceedings{lorenzOsirusRexAutoNav,
  author={Lorenz, David A. and Olds, Ryan and May, Alexander and Mario, Courtney and Perry, Mark E. and Palmer, Eric E. and Daly, Michael},
  booktitle={2017 IEEE Aerospace Conference}, 
  title={Lessons learned from OSIRIS-REx autonomous navigation using natural feature tracking}, 
  year={2017},
  volume={},
  number={},
  pages={1-12},
  doi={10.1109/AERO.2017.7943684}}




% Pose definition
@inproceedings{PrezVillar2017SpacecraftPE,
  title={Spacecraft Pose Estimation For Non- Cooperative Rendezvous Based On Feature Codebook},
  author={Juan Ignacio Bravo P{\'e}rez-Villar},
  year={2017}
}

@article{OpromollaPose17,
author = {Opromolla, Roberto and Fasano, Giancarmine and Rufino, Giancarlo and Grassi, Michele},
year = {2017},
month = {07},
pages = {},
title = {A review of cooperative and uncooperative spacecraft pose determination techniques for close-proximity operations},
volume = {93},
journal = {Progress in Aerospace Sciences},
doi = {10.1016/j.paerosci.2017.07.001}
}

@article{landisMarkleyFundamentalsOfADCSSpacecraft15,
author = {Markley, Landis and Crassidis, John},
year = {2014},
month = {01},
journal = {Springer},
title = {Fundamentals of Spacecraft Attitude Determination and Control},
isbn = {ISBN: 978-1-4939-0802-8},
doi = {10.1007/978-1-4939-0802-8}
}

@article{franklinDigitalControl97,
author = {Franklin, Gene and Powell, J.D. and Workman, M.L},
year = {1997},
month = {01},
edition ={3rd},
journal = {Addision Wesley Longman Inc},
address = {2725 Sand Hill Road, Menlo Park, CA 94025},
title = {Digital Control of Dynamic Systems},
isbn ={ISBN: 978-0-9791226-0-6},
}


% Problem Statement

@article{dAmicoPrisma11,
author = {D'Amico, Simone and Ardaens, Jean-Sébastien and Larsson, Robin},
year = {2011},
month = {08},
pages = {},
title = {Spaceborne Autonomous Formation Flying Experiment on the PRISMA Mission},
volume = {35},
journal = {Journal of Guidance, Control, and Dynamics},
doi = {10.2514/1.55638}
}

@inproceedings{boninCanX,
  author={Bonin, Grant  and Roth, Niels and Armitage, Scott and Newman, Josh and Risi, Ben and Robert E. Zee},
  booktitle={Proceedings of the 29th Annual AIAA/USU Conference on Small Satellites, ser. Technical
Sessions I: All Systems Go! Utah State University}, 
  title={CanX-4and CanX-5 Precision Formation Flight: Mission Accomplished!}, 
  year={2015},
  volume={},
  number={},
  pages={1-12},
  doi={}
}

[14]
@article{frasierAdaptiveKF18,
author  = {Fraser, Cory and Ulrich, Steve},
year    = {2020},
month   = {10},
pages   = {700-721},
title   = {Adaptive Extended Kalman Filtering Strategies for Spacecraft Formation Relative Navigation},
volume  = {178},
journal = {Acta Astronautica},
doi     = {10.1016/j.actaastro.2020.10.016}
}

@phdthesis{dAmicoPhdthesis,
author = {D'Amico, Simone},
year = {2010},
month = {01},
pages = {},
title = {Autonomous Formation Flying in Low Earth Orbit}
}

@ARTICLE{civeraInverseDepthParameritization08,
  author={Civera, Javier and Davison, Andrew J. and Montiel, J. M. MartÍnez},
  journal={IEEE Transactions on Robotics}, 
  title={Inverse Depth Parametrization for Monocular SLAM}, 
  year={2008},
  volume={24},
  number={5},
  pages={932-945},
  doi={10.1109/TRO.2008.2003276}}
  
  @article{menezesNarx20083335,
title = {Long-term time series prediction with the NARX network: An empirical evaluation},
journal = {Neurocomputing},
volume = {71},
number = {16},
pages = {3335-3343},
year = {2008},
note = {Advances in Neural Information Processing (ICONIP 2006) / Brazilian Symposium on Neural Networks (SBRN 2006)},
issn = {0925-2312},
doi = {https://doi.org/10.1016/j.neucom.2008.01.030},
url = {https://www.sciencedirect.com/science/article/pii/S0925231208003081},
author = {José Maria P. Menezes and Guilherme A. Barreto},
keywords = {NARX neural network, Long-term prediction, Nonlinear traffic modeling, Chaotic time series, Recurrence plot},
}

@article{baiCompund19,
author = {Bai, Yu-Ting and Jin, Xue-bo and Wang, Xiaoyi and Su, Tingli and Kong, Jianlei and Lu, Yutian},
year = {2019},
month = {09},
pages = {1-11},
title = {Compound Autoregressive Network for Prediction of Multivariate Time Series},
volume = {2019},
journal = {Complexity},
doi = {10.1155/2019/9107167}
}

@article{mcGovernMLSpaceLimits11,
author = {Mcgovern, Amy and Wagstaff, Kiri},
year = {2011},
month = {09},
pages = {335-340},
title = {Machine learning in space: Extending our reach},
volume = {84},
journal = {Machine Learning},
doi = {10.1007/s10994-011-5249-4}
}

@article{xuMLSpaceRelaibility2021107530,
title = {Machine learning for reliability engineering and safety applications: Review of current status and future opportunities},
journal = {Reliability Engineering & System Safety},
volume = {211},
pages = {107530},
year = {2021},
issn = {0951-8320},
doi = {https://doi.org/10.1016/j.ress.2021.107530},
url = {https://www.sciencedirect.com/science/article/pii/S0951832021000892},
author = {Zhaoyi Xu and Joseph Homer Saleh},
keywords = {Machine learning, Reliability, Safety, Prognostic and health management, Deep learning},
}

@article{sonnenburgEKFSlam010339,
title = {EKF-SLAM based Approach for Spacecraft Rendezvous Navigation with Unknown Target Spacecraft},
journal = {IFAC Proceedings Volumes},
volume = {43},
number = {15},
pages = {339-344},
year = {2010},
note = {18th IFAC Symposium on Automatic Control in Aerospace},
issn = {1474-6670},
doi = {https://doi.org/10.3182/20100906-5-JP-2022.00058},
url = {https://www.sciencedirect.com/science/article/pii/S1474667015318632},
author = {Arne Sonnenburg and Marcel Tkocz and Klaus Janschek},
keywords = {Robotics, Navigation, Autonomous, Simultaneous Localization and Mapping (SLAM), Rendezvous, Extended Kalman filters, On-Orbit Servicing},
}


@article{article,
author = {Andrle, Michael and Hyun, Baro and Crassidis, John and Linares, Richard},
year = {2008},
month = {08},
pages = {},
title = {Deterministic Relative Attitude Determination of Formation Flying Spacecraft},
doi = {10.2514/6.2008-6934}
}

@misc{hashim2021attitude,
      title={Attitude Determination and Estimation using Vector Observations: Review, Challenges and Comparative Results}, 
      author={Hashim A Hashim},
      year={2021},
      eprint={2001.03787},
      archivePrefix={arXiv},
      primaryClass={eess.SY}
}

% Need o look for paper
@article{Dhahbane2021AttitudeDA,
  title={Attitude Determination and Attitude Estimation in Aircraft and Spacecraft Navigation. A survey},
  author={Djamel Dhahbane and A. Nemra and S. Sakhi},
  journal={2020 2nd International Workshop on Human-Centric Smart Environments for Health and Well-being (IHSH)},
  year={2021},
  pages={187-192}
}

@inproceedings{Ruiter2013SpacecraftDA,
  title={Spacecraft Dynamics and Control: An Introduction},
  author={A. Ruiter and C. Damaren and J. Forbes},
  year={2013}
}

@article{cavenagoEkfHighOrder19,
title = {On-board spacecraft relative pose estimation with high-order extended Kalman filter},
journal = {Acta Astronautica},
volume = {158},
pages = {55-67},
year = {2019},
issn = {0094-5765},
doi = {https://doi.org/10.1016/j.actaastro.2018.11.020},
url = {https://www.sciencedirect.com/science/article/pii/S0094576518301516},
author = {Francesco Cavenago and Pierluigi {Di Lizia} and Mauro Massari and Alexander Wittig},
keywords = {State estimation, Kalman filter, Differential algebra, Space debris, Nonlinear filter, Pose estimation, Processor in the loop},
}

[15]
@article{amatoFormationFlying19,
author  = {Amato, Joseph},
year    = {2019},
month   = {01},
pages   = {18-23},
title   = {Flying in formation: The orbital dynamics of LISA's three spacecraft},
volume  = {87},
journal = {American Journal of Physics},
doi     = {10.1119/1.5075722}
}

[13]
@misc{yangML21,
  author        = {Andrew Yang},
  title         = {Machine Learning, Course Notes},
  howpublished  = {Stanford University Online, Coursera},
  month         = {Mar},
  year          = {2021},
}
% Past Work

[14]
@article{grewalKFHistory10,
author = {Grewal, Mohinder and Andrews, Angus},
year = {2010},
month = {07},
pages = {69 - 78},
title = {Applications of Kalman Filtering in Aerospace from 1960 to the Present, Historical Perspectives},
volume = {30},
journal = {Control Systems, IEEE},
doi = {10.1109/MCS.2010.936465}
}

@article{chamberlinGemini64,
author = {Chamberlin, James and Rose, James},
year = {1964},
month = {01},
title = {Gemini Rendezvouz Program},
volume = {1},
journal = {Journal of Spacecraft and Rockets},
pages = {13-18},
doi = {https://doi.org/10.2514/3.27585}
}

@article{youngApollo70,
author = {Young, Kenneth and Alexander, James},
year = {1970},
month = {09},
title = {Gemini Rendezvouz Program},
volume = {7},
journal = {Journal of Spacecraft and Rockets},
pages = {1083-1086},
doi = {https://doi.org/10.2514/3.30106}
}

@article{yangInterSatelliteGrace13,
author = {Yang, Yang and Li, Yong and Rizos, Chris and Dempster, Andrew and Yue, Xiaokui},
year = {2013},
month = {05},
pages = {437-449},
title = {Inter-satellite Ranging Augmented GPS Relative Navigation for Satellite Formation Flying},
volume = {67},
journal = {Journal of Navigation},
doi = {10.1017/S0373463313000763}
}

@article{jaggiTandemX12,
author = {Jäggi, A. and Montenbruck, Oliver and Moon, Y. and Wermuth, Martin and König, R. and Michalak, G. and Peter, Heike and Bodenmann, Dominik},
year = {2012},
month = {07},
pages = {260–271},
title = {Inter-agency comparison of TanDEM-X baseline solutions},
volume = {50},
journal = {Advances in Space Research},
doi = {10.1016/j.asr.2012.03.027}
}

@article{kroedGracePostProcess06,
author = {Kroes, R.},
year = {2006},
month = {01},
pages = {},
title = {Precise Relative Positioning of Formation Flying Spacecraft using GPS},
volume = {61},
journal = {Publications on Geodesy, 61},
doi = {10.1117/12.855923}
}

@inproceedings{tancrediGraceOnboard10,
author = {Tancredi, Urbano and Renga, Alfredo and Grassi, Michele},
year = {2010},
month = {08},
pages = {},
title = {GPS-based Relative Navigation of LEO formations with Varying Baselines},
isbn = {1600867480},
journal = {AIAA Guidance, Navigation, and Control Conference},
doi = {10.2514/6.2010-8189}
}

@article{sheadGrace2Inter12,
author = {Sheard, B. and Heinzel, Gerhard and Danzmann, Karsten and Shaddock, Daniel and Klipstein, W.M. and Folkner, W.},
year = {2012},
month = {12},
pages = {},
title = {Intersatellite laser ranging instrument for the GRACE follow-on mission},
volume = {86},
journal = {Journal of Geodesy},
doi = {10.1007/s00190-012-0566-3}
}

@article{tapleyGraceIsr04,
author = {Tapley, Byron and Bettadpur, Srinivas and Ries, J.C. and Thompson, Paul and Watkins, Michael},
year = {2004},
month = {08},
pages = {503-5},
title = {GRACE Measurements of Mass Variability in the Earth System},
volume = {305},
journal = {Science (New York, N.Y.)},
doi = {10.1126/science.1099192}
}

@inproceedings{monterbruckPrismaIsr08,
author = {Montenbruck, Oliver and Delpech, Michel and Ardaens, Jean-Sébastien and Delong, Nicolas and D'Amico, Simone and Harr, Jon},
year = {2008},
month = {12},
pages = {},
title = {Cross-Validation of GPS and FFRF-Based Relative Navigation for the PRISMA Mission}
}

@inproceedings{bodinPrisma12,
author = {Bodin, Per and Noteborn, R. and Larsson, Robin and Karlsson, Thomas and D'Amico, Simone and Ardaens, Jean-Sébastien and Delpech, Michel and Berges, Jean-Claude},
year = {2012},
month = {02},
pages = {},
title = {Prisma Formation Flying Demonstrator: Overview and Conclusions from the Nominal Mission},
volume = {144},
journal = {Advances in the Astronautical Sciences}
}

[15]
@article{luoSurvey13,
	author = {Luo, Yazhong and Zhang, Jin and Tang, Guojin},
	year = {2014},
	month = {02},
	pages = {1–11},
	title = {Survey of orbital dynamics and control of space rendezvous},
	volume = {27},
	journal = {Chinese Journal of Aeronautics},
	doi = {10.1016/j.cja.2013.07.042}
}

@article{ShijieMono10,
title = {Monocular Vision-based Two-stage Iterative Algorithm for Relative Position and Attitude Estimation of Docking Spacecraft},
journal = {Chinese Journal of Aeronautics},
volume = {23},
number = {2},
pages = {204-210},
year = {2010},
issn = {1000-9361},
doi = {https://doi.org/10.1016/S1000-9361(09)60206-5},
url = {https://www.sciencedirect.com/science/article/pii/S1000936109602065},
author = {Zhang Shijie and Liu Fenghua and Cao Xibin and He Liang},
keywords = {spacecraft, relative position and attitude, monocular vision, depth recovery, absolute orientation},
}

@article{karlgaardAdaptiveEkf11,
author = {Karlgaard, Christopher D and Schaub, Hanspeter},
year = {2011},
month = {11},
title = {Adaptive Nonlinear Huber-Based Navigation for Rendezvous in Elliptical Orbit},
journal = {Journal of Guidance Control and Dynamics},
volume = {34},
no = {9},
pages = {388-402},
doi = {https://doi.org/10.2514/1.51939}
}
@article{Tschauner65,
author = {Tschauner, J. and Hempel, P.},
year = {1965},
month = {11},
title = {Rendezvous zu einem in elliptischer Bahn umlaufenden Ziel},
journal = {Acta Astronautica AASTCF 0094-5765},
no = {2},
pages = {104-109},
doi = {}
}

@article{cw60,
author = {Clohessy, WH and Whiltshire, RS},
year = {1960},
month = {9},
title = {Adaptive Nonlinear Huber-Based Navigation for Rendezvous in Elliptical Orbit},
volume = {27},
number = {9},
journal = {Journal of Aerospace Science},
pages = {653-658},
doi = {https://doi.org/10.2514/8.8704}
}


@book{fehse_2003, 
place={Cambridge}, 
series={Cambridge Aerospace Series}, 
title={Automated Rendezvous and Docking of Spacecraft}, 
DOI={10.1017/CBO9780511543388}, 
publisher={Cambridge University Press}, 
author={Fehse, Wigbert}, 
year={2003}, 
collection={Cambridge Aerospace Series}}

@article{woffidenRez07,
author = {Woffinden, David C and Geller, Davd K},
year = {2007},
month = {7},
title = {Adaptive Nonlinear Huber-Based Navigation for Rendezvous in Elliptical Orbit},
volume = {44},
number = {4},
journal = {Journal of Spacecraft and Rockets},
pages = {898-909},
doi = {https://doi.org/10.2514/1.30734}
}

@book{deRuiter2012spacecraft,
  title={Spacecraft Dynamics and Control: An Introduction},
  author={de Ruiter, A.H. and Damaren, C. and Forbes, J.R.},
  isbn={9781118403327},
  url={https://books.google.ca/books?id=mGSYHJIlDxEC},
  year={2012},
  publisher={Wiley}
}


@article{article,
author = {Goh, Shu Ting and Low, Kay-Soon},
year = {2017},
month = {03},
pages = {1-15},
title = {Survey of Global-Positioning-System-Based Attitude Determination Algorithms},
volume = {40},
journal = {Journal of Guidance, Control, and Dynamics},
doi = {10.2514/1.G002504}
}


[16]
@article{leiPoseSlam19,
author = {Lei, Ting and Liu, Xiao-Feng and Cai, Guo-Ping and Liu, Yun-Meng and Liu, Pan},
year = {2019},
month = {12},
pages = {1-14},
title = {Pose Estimation of a Noncooperative Target Based on Monocular Visual SLAM},
volume = {2019},
journal = {International Journal of Aerospace Engineering},
doi = {10.1155/2019/9086891}
}

[17]
@article{aghiliPoseVision10,
author = {Aghili, F. and Kuryllo, Marcin and Okouneva, Galina and English, Chad},
year = {2010},
month = {08},
pages = {},
title = {Robust vision-based pose estimation of moving objects for Automated Rendezvous\& Docking},
journal = {2010 IEEE International Conference on Mechatronics and Automation, ICMA 2010},
doi = {10.1109/ICMA.2010.5589051}
}

[18]
@article{sharmePoseNonC17a,
author = {Sharma, Sumant and Ventura, Jacopo and D'Amico, Simone},
year = {2018},
month = {06},
pages = {1-16},
title = {Robust Model-Based Monocular Pose Initialization for Noncooperative Spacecraft Rendezvous},
volume = {55},
journal = {Journal of Spacecraft and Rockets},
doi = {10.2514/1.A34124}
}

[19]
@article{kimPoseGyroYY,
author = {Zhang, Lijun and Yang, Huabo and Zhang, Shifeng and Cai, Hong and Qian, Shan},
year = {2014},
month = {09},
pages = {1706-1711},
title = {Kalman Filtering for Relative Spacecraft Attitude and Position Estimation: A Revisit},
volume = {37},
journal = {Journal of Guidance, Control, and Dynamics},
doi = {10.2514/1.G000204}
}

[20]
@inproceedings{sharmePoseNonCYYb,
  author={Sharma, Sumant and Beierle, Connor and D'Amico, Simone},
  booktitle={2018 IEEE Aerospace Conference}, 
  title={Pose estimation for non-cooperative spacecraft rendezvous using convolutional neural networks}, 
  year={2018},
  volume={},
  number={},
  pages={1-12},
  doi={10.1109/AERO.2018.8396425}
}

[21]
@inproceedings{prencaDlPosePhotorealistic19,
  author={Proença, Pedro F. and Gao, Yang},
  booktitle={2020 IEEE International Conference on Robotics and Automation (ICRA)}, 
  title={Deep Learning for Spacecraft Pose Estimation from Photorealistic Rendering}, 
  year={2020},
  volume={},
  number={},
  pages={6007-6013},
  doi={10.1109/ICRA40945.2020.9197244}
}
 
[22]
@inproceedings{mihaiPoseAnn20,
  author = {Sergiu-Ştefan Mihai and Alexandru Pandele and Dan Selaru and Marius Florin Trusculescu and Mugurel Balan and Claudiu Gabriel Dragasanu},
  booktitle = {2020 International Astronautical Congress Cyberspace Edition}, 
  title = {Improving Satellite On-Board Orbit Estimation with Artificial Neural Networks)}, 
  year = {2020},
  volume = {},
  number = {IAC-20,C1,3,5,x56239},
  pages = {},
  doi = {}
}  

[23]
@article{baiKf20,
author = {Bai, Yu-Ting and Wang, Xiao-yi and Jin, Xue-bo and Zhao, Zhi-yao},
year = {2020},
month = {01},
pages = {299},
title = {A Neuron-Based Kalman Filter with Nonlinear Autoregressive Model},
volume = {20},
journal = {Sensors},
doi = {10.3390/s20010299}
}  

@inproceedings{Klmn1960ANA,
  title={A new approach to linear filtering and prediction problems" transaction of the asme~journal of basic},
  author={R. K{\'a}lm{\'a}n},
  year={1960}
}

@article{ForghaniOrbitNN11,
author = {Forghani, Mahsa-Sadat and Farrokhi, Mohammad},
year = {2011},
month = {01},
pages = {},
title = {Satellite Orbit Estimation Using On-Line Neural Networks}
}

%%-----------------------------------------------------------------------------
@Book{Fehse,
  author =	   		{W. Fehse},
  title  = 	   		{Automated Rendezvous and Docking of Spacecraft},
  publisher =  		{Cambridge University Press},
  address =    		{Cambridge, United Kingdom},
  year = 	   			2003
}

@Article{CW,
  author = 	 			{W. H. Clohessy and R. S. Wiltshire},
  title = 	 			{Terminal Guidance System for Satellite Rendezvous},
  journal =  			{Journal of the Aerospace Sciences},
  year = 	 				1960,
  volume =	 			27,
  number =	 			9,
  pages =	 				{653--658}
}

@InProceedings{AIAA_conf_example,
  author = 	     	{B. Porter and S. Mohamed},
  title = 	     	{Adaptive Iterative Learning Control of Robotic Manipulators in Task Space},
  booktitle = 	 	{AIAA Guidance, Navigation, and Control Conference},
  year =	     		1991,
  address =	 	 		{New Orleans, LA},
  note = 		    	{AIAA paper 1991-2789}  
}

@InProceedings{IEEE_conf_example1,
  author = 	     	{B. L. Wu and E. K. Poh and D. W. Wang and G. Y. Xu},
  title = 	     	{Satellite Formation Keeping via Real-Time Optimal Control and Iterative Learning Control},
  booktitle = 	 	{IEEE Aerospace Conference},
  year =	       	2009,
  publisher =    	{Inst. of Electrical and Electronics Engineers},
  address =	 	   	{Piscataway, NJ},
  pages =  		   	{1--8}
}

@InProceedings{IEEE_conf_example2,
  author = 	     	{J.-X. Xu and X.-W. Wang and L. T. Heng},
  title = 	     	{Analysis of Continuous Iterative Learning Control Systems using Current Cycle Feedback},
  booktitle = 	 	{American Control Conference},
  year =	       	1995,
  publisher =    	{Inst. of Electrical and Electronics Engineers},
  address =	 	   	{Piscataway, NJ},
  pages =  		   	{4221-4225}
}